
@misc{1_the_economist_2010,
author={The Economist},
title={Data, data everywhere},
url={http://www.economist.com/node/15557443},
year={2010}
}

@book{staab2013handbook,
  title={Handbook on ontologies},
  author={Staab, Steffen and Studer, Rudi},
  year={2013},
  publisher={Springer Science \& Business Media}
}

@article{Nature:2008jh,
title = {{Community cleverness required}},
journal = {Nature},
year = {2008},
volume = {455},
number = {7209},
pages = {1--1},
month = sep,
annote = {10.1038/455001a}
}

@book{Wooldridge:2009:IMS:1695886,
 author = {Wooldridge, Michael},
 title = {An Introduction to MultiAgent Systems},
 year = {2009},
 isbn = {0470519460, 9780470519462},
 edition = {2nd},
 publisher = {Wiley Publishing},
} 

@inproceedings{kan2005fast,
  title={Fast webpage classification using URL features},
  author={Kan, Min-Yen and Thi, Hoang Oanh Nguyen},
  booktitle={Proceedings of the 14th ACM international conference on Information and knowledge management},
  pages={325--326},
  year={2005},
  organization={ACM}
}

@inproceedings{jin2007sensitive,
  title={Sensitive webpage classification for content advertising},
  author={Jin, Xin and Li, Ying and Mah, Teresa and Tong, Jie},
  booktitle={Proceedings of the 1st international workshop on Data mining and audience intelligence for advertising},
  pages={28--33},
  year={2007},
  organization={ACM}
}

@incollection{choi2005web,
  title={Web page classification*},
  author={Choi, Ben and Yao, Zhongmei},
  booktitle={Foundations and Advances in Data Mining},
  pages={221--274},
  year={2005},
  publisher={Springer}
}

@incollection{tsukada2001automatic,
  title={Automatic web--page classification by using machine learning methods},
  author={Tsukada, Makoto and Washio, Takashi and Motoda, Hiroshi},
  booktitle={Web Intelligence: Research and Development},
  pages={303--313},
  year={2001},
  publisher={Springer}
}

@article{soderland1999learning,
  title={Learning information extraction rules for semi-structured and free text},
  author={Soderland, Stephen},
  journal={Machine learning},
  volume={34},
  number={1-3},
  pages={233--272},
  year={1999},
  publisher={Springer}
}

@inproceedings{finkel2005incorporating,
  title={Incorporating non-local information into information extraction systems by gibbs sampling},
  author={Finkel, Jenny Rose and Grenager, Trond and Manning, Christopher},
  booktitle={Proceedings of the 43rd Annual Meeting on Association for Computational Linguistics},
  pages={363--370},
  year={2005},
  organization={Association for Computational Linguistics}
}

@book{mclachlan2005analyzing,
  title={Analyzing microarray gene expression data},
  author={McLachlan, Geoffrey and Do, Kim-Anh and Ambroise, Christophe},
  volume={422},
  year={2005},
  publisher={John Wiley \& Sons}
}

@inproceedings{banko2007open,
  title={Open information extraction for the web},
  author={Banko, Michele and Cafarella, Michael J and Soderland, Stephen and Broadhead, Matthew and Etzioni, Oren},
  booktitle={IJCAI},
  volume={7},
  pages={2670--2676},
  year={2007}
}

@article{yee2002critlink,
  title={CritLink: advanced hyperlinks enable public annotation on the web},
  author={Yee, Ka-Ping},
  journal={University of California, Berkeley},
  year={2002},
  publisher={Citeseer}
}

@article{kahan2002annotea,
  title={Annotea: an open RDF infrastructure for shared Web annotations},
  author={Kahan, Jos{\'e} and Koivunen, M-R and Prud'Hommeaux, Eric and Swick, Ralph R},
  journal={Computer Networks},
  volume={39},
  number={5},
  pages={589--608},
  year={2002},
  publisher={Elsevier}
}

@book{merriam2004merriam,
  title={Merriam-Webster's collegiate dictionary},
  author={Merriam-Webster Inc.},
  year={2004},
  publisher={Merriam-Webster}
}

@book{james2013introduction,
  title={An introduction to statistical learning},
  author={James, Gareth and Witten, Daniela and Hastie, Trevor and Tibshirani, Robert},
  year={2013},
  publisher={Springer}
}

@INPROCEEDINGS{FeatureSelection2011, 
author={Ozel, S.A.}, 
booktitle={Innovations in Intelligent Systems and Applications (INISTA), 2011 International Symposium on}, 
title={A genetic algorithm based optimal feature selection for Web page classification}, 
year={2011}, 
month={June}, 
pages={282-286}, 
keywords={Web sites;feature extraction;genetic algorithms;pattern classification;Web page classification;feature extraction;feature selection;genetic algorithm;kNN classifier;Accuracy;Biological cells;Feature extraction;Genetic algorithms;HTML;Training;Web pages;Web;classification;feature selection;genetic algorithms}, 
doi={10.1109/INISTA.2011.5946076},}

@inproceedings{pasupat2014zero,
  title={Zero-shot entity extraction from web pages},
  author={Pasupat, Panupong and Liang, Percy},
  booktitle={Association for Computational Linguistics (ACL)},
  year={2014}
}

@article{devi2008generating,
  title={Generating best features for web page classification},
  author={Devi, M Indra and Rajaram, R and Selvakuberan, K},
  journal={Webology},
  volume={5},
  number={1},
  pages={Article--52},
  year={2008}
}

@article{lee1988thirteen,
  title={Thirteen ways to look at the correlation coefficient},
  author={Lee Rodgers, Joseph and Nicewander, W Alan},
  journal={The American Statistician},
  volume={42},
  number={1},
  pages={59--66},
  year={1988},
  publisher={Taylor \& Francis}
}

@article{tory2004human,
  title={Human factors in visualization research},
  author={Tory, Melanie and M{\"o}ller, Torsten},
  journal={Visualization and Computer Graphics, IEEE Transactions on},
  volume={10},
  number={1},
  pages={72--84},
  year={2004},
  publisher={IEEE}
}

@inproceedings{marshall2003semantic,
  title={Which semantic web?},
  author={Marshall, Catherine C and Shipman, Frank M},
  booktitle={Proceedings of the fourteenth ACM conference on Hypertext and hypermedia},
  pages={57--66},
  year={2003},
  organization={ACM}
}

@article{mesbah2012crawling,
  title={Crawling Ajax-based web applications through dynamic analysis of user interface state changes},
  author={Mesbah, Ali and van Deursen, Arie and Lenselink, Stefan},
  journal={ACM Transactions on the Web (TWEB)},
  volume={6},
  number={1},
  pages={3},
  year={2012},
  publisher={ACM}
}

@incollection{grant2014basics,
  title={The Basics of AngularJS},
  author={Grant, Andrew},
  booktitle={Beginning AngularJS},
  pages={35--45},
  year={2014},
  publisher={Springer}
}

@misc{shabajee2003annotation,
  title={What is annotation? A short review of annotation and annotation systems},
  author={Shabajee, Paul and Reynolds, Dave},
  year={2003},
  publisher={URL: http://www. ilrt. bris. ac. uk/publications/researchreport/rr1053/report\_html}
}

@article{lebow2009new,
  title={New technology for empowering virtual communities},
  author={Lebow, David G and Lick, Dale W and Hartman, Hope},
  journal={Encyclopedia of multimedia and technology},
  pages={1066--1071},
  year={2009},
  publisher={IGI Global Hershey, PA}
}

@article{andrienko2007visual,
  title={Visual analytics tools for analysis of movement data},
  author={Andrienko, Gennady and Andrienko, Natalia and Wrobel, Stefan},
  journal={ACM SIGKDD Explorations Newsletter},
  volume={9},
  number={2},
  pages={38--46},
  year={2007},
  publisher={ACM}
}

@article{berners2001semantic,
  title={The semantic web},
  author={Berners-Lee, Tim and Hendler, James and Lassila, Ora and others},
  journal={Scientific american},
  volume={284},
  number={5},
  pages={28--37},
  year={2001},
  publisher={New York, NY, USA:}
}

@article{shadbolt2006semantic,
  title={The semantic web revisited},
  author={Shadbolt, Nigel and Hall, Wendy and Berners-Lee, Tim},
  journal={Intelligent Systems, IEEE},
  volume={21},
  number={3},
  pages={96--101},
  year={2006},
  publisher={IEEE}
}

@misc{berners1998semantic,
  title={Semantic web road map},
  author={Berners-Lee, Tim and others},
  year={1998}
}

@inproceedings{joachims1997webwatcher,
  title={Webwatcher: A tour guide for the world wide web},
  author={Joachims, Thorsten and Freitag, Dayne and Mitchell, Tom and others},
  booktitle={IJCAI (1)},
  pages={770--777},
  year={1997},
  organization={Citeseer}
}

@article{Qi:2009:WPC:1459352.1459357,
 author = {Qi, Xiaoguang and Davison, Brian D.},
 title = {Web Page Classification: Features and Algorithms},
 journal = {ACM Comput. Surv.},
 issue_date = {February 2009},
 volume = {41},
 number = {2},
 month = feb,
 year = {2009},
 issn = {0360-0300},
 pages = {12:1--12:31},
 articleno = {12},
 numpages = {31},
 url = {http://doi.acm.org/10.1145/1459352.1459357},
 doi = {10.1145/1459352.1459357},
 acmid = {1459357},
 publisher = {ACM},
 address = {New York, NY, USA},
 keywords = {Categorization, Web mining},
} 

@article{Cowie:1996:IE:234173.234209,
 author = {Cowie, Jim and Lehnert, Wendy},
 title = {Information Extraction},
 journal = {Commun. ACM},
 issue_date = {Jan. 1996},
 volume = {39},
 number = {1},
 month = jan,
 year = {1996},
 issn = {0001-0782},
 pages = {80--91},
 numpages = {12},
 url = {http://doi.acm.org/10.1145/234173.234209},
 doi = {10.1145/234173.234209},
 acmid = {234209},
 publisher = {ACM},
 address = {New York, NY, USA},
} 

@article{chang2006survey,
  title={A survey of web information extraction systems},
  author={Chang, Chia-Hui and Kayed, Mohammed and Girgis, Moheb Ramzy and Shaala, Khaled F},
  journal={Knowledge and Data Engineering, IEEE Transactions on},
  volume={18},
  number={10},
  pages={1411--1428},
  year={2006},
  publisher={IEEE}
}

@inproceedings{soderland1997learning,
  title={Learning to Extract Text-Based Information from the World Wide Web.},
  author={Soderland, Stephen},
  booktitle={KDD},
  volume={97},
  pages={251--254},
  year={1997}
}

@inproceedings{ciravegna2000learning,
  title={Learning to tag for information extraction from text},
  author={Ciravegna, Fabio},
  booktitle={Workshop Machine Learning for Information Extraction, European Conference on Artifical Intelligence ECCAI},
  year={2000},
  organization={Citeseer}
}

@ARTICLE{VisualAnalytics2004, 
author={Pak Chung Wong and Thomas, J.}, 
journal={Computer Graphics and Applications, IEEE}, 
title={Visual Analytics}, 
year={2004}, 
month={Sept}, 
volume={24}, 
number={5}, 
pages={20-21}, 
keywords={Cognitive science;Data visualization;Humans;Information analysis;Knowledge management;Laboratories;National security;Space technology;Statistical analysis;Visual analytics;Computer Graphics;Database Management Systems;Databases, Factual;Information Storage and Retrieval;Online Systems;User-Computer Interface}, 
doi={10.1109/MCG.2004.39}, 
ISSN={0272-1716},}

%10
@article{krallinger2012link,
  title={How to link ontologies and protein--protein interactions to literature: text-mining approaches and the BioCreative experience},
  author={Krallinger, Martin and Leitner, Florian and Vazquez, Miguel and Salgado, David and Marcelle, Christophe and Tyers, Mike and Valencia, Alfonso and Chatr-aryamontri, Andrew},
  journal={Database},
  volume={2012},
  pages={bas017},
  year={2012},
  publisher={Oxford University Press}
}

%11
@article{muller2004textpresso,
  title={Textpresso: an ontology-based information retrieval and extraction system for biological literature},
  author={M{\"u}ller, Hans-Michael and Kenny, Eimear E and Sternberg, Paul W},
  journal={PLoS biology},
  volume={2},
  number={11},
  pages={e309},
  year={2004},
  publisher={Public Library of Science}
}

%12
@article{jonquet2009open,
  title={The open biomedical annotator},
  author={Jonquet, Clement and Shah, Nigam H and Musen, Mark A},
  journal={Summit on translational bioinformatics},
  volume={2009},
  pages={56},
  year={2009},
  publisher={American Medical Informatics Association}
}

%13
@article{rzhetsky2004geneways,
  title={GeneWays: a system for extracting, analyzing, visualizing, and integrating molecular pathway data},
  author={Rzhetsky, Andrey and Iossifov, Ivan and Koike, Tomohiro and Krauthammer, Michael and Kra, Pauline and Morris, Mitzi and Yu, Hong and Dubou{\'e}, Pablo Ariel and Weng, Wubin and Wilbur, W John and others},
  journal={Journal of biomedical informatics},
  volume={37},
  number={1},
  pages={43--53},
  year={2004},
  publisher={Elsevier}
}

%14
@article{ciccarese2012open,
  title={Open semantic annotation of scientific publications using DOMEO.},
  author={Ciccarese, Paolo and Ocana, Marco and Clark, Tim},
  journal={J. Biomedical Semantics},
  volume={3},
  number={S-1},
  pages={S1},
  year={2012}
}

%15
@article{xuan2009open,
  title={Open biomedical ontology-based Medline exploration},
  author={Xuan, Weijian and Dai, Manhong and Mirel, Barbara and Song, Jean and Athey, Brian and Watson, Stanley J and Meng, Fan},
  journal={BMC bioinformatics},
  volume={10},
  number={Suppl 5},
  pages={S6},
  year={2009},
  publisher={BioMed Central Ltd}
}

%16
@inproceedings{navigli2003analysis,
  title={An analysis of ontology-based query expansion strategies},
  author={Navigli, Roberto and Velardi, Paola},
  booktitle={Proceedings of the 14th European Conference on Machine Learning, Workshop on Adaptive Text Extraction and Mining, Cavtat-Dubrovnik, Croatia},
  pages={42--49},
  year={2003}
}

%17
@inproceedings{maedche2000semi,
  title={Semi-automatic engineering of ontologies from text},
  author={Maedche, Alexander and Staab, Steffen},
  booktitle={Proceedings of the 12th international conference on software engineering and knowledge engineering},
  pages={231--239},
  year={2000},
  organization={Chicago, IL, USA}
}

%18
@incollection{maedche2000mining,
  title={Mining ontologies from text},
  author={Maedche, Alexander and Staab, Steffen},
  booktitle={Knowledge Engineering and Knowledge Management Methods, Models, and Tools},
  pages={189--202},
  year={2000},
  publisher={Springer}
}


%1
@article{anantharangachar2013InfoExtraction,
  title={Ontology Guided Information Extraction from Unstructured Text},
  author={Anantharangachar, Raghu and Ramani, Srinivasan and Rajagopalan, S},
  journal={arXiv preprint arXiv:1302.1335},
  year={2013}
}

%2
@inproceedings{gilson2008visualByMapping,
  title={From web data to visualization via ontology mapping},
  author={Gilson, Owen and Silva, Nuno and Grant, Phil W and Chen, Min},
  booktitle={Computer Graphics Forum},
  volume={27},
  number={3},
  pages={959--966},
  year={2008},
  organization={Wiley Online Library}
}

%3
@incollection{maedche2003bootstrapping,
  title={Bootstrapping an ontology-based information extraction system},
  author={Maedche, Alexander and Neumann, G{\"u}nter and Staab, Steffen},
  booktitle={Intelligent exploration of the web},
  pages={345--359},
  year={2003},
  publisher={Springer}
}

%4
@incollection{karkaletsis2011ontology,
  title={Ontology based information extraction from text},
  author={Karkaletsis, Vangelis and Fragkou, Pavlina and Petasis, Georgios and Iosif, Elias},
  booktitle={Knowledge-driven multimedia information extraction and ontology evolution},
  pages={89--109},
  year={2011},
  publisher={Springer}
}

%5
@article{Gruber:1993:TAP:173743.173747,
 author = {Gruber, Thomas R.},
 title = {A Translation Approach to Portable Ontology Specifications},
 journal = {Knowl. Acquis.},
 issue_date = {June 1993},
 volume = {5},
 number = {2},
 month = jun,
 year = {1993},
 issn = {1042-8143},
 pages = {199--220},
 numpages = {22},
 url = {http://dx.doi.org/10.1006/knac.1993.1008},
 doi = {10.1006/knac.1993.1008},
 acmid = {173747},
 publisher = {Academic Press Ltd.},
 address = {London, UK, UK},
} 



%6
@article{Navigli:2004:LDO:1105710.1105712,
 author = {Navigli, Roberto and Velardi, Paola},
 title = {Learning Domain Ontologies from Document Warehouses and Dedicated Web Sites},
 journal = {Comput. Linguist.},
 issue_date = {June 2004},
 volume = {30},
 number = {2},
 month = jun,
 year = {2004},
 issn = {0891-2017},
 pages = {151--179},
 numpages = {29},
 url = {http://dx.doi.org/10.1162/089120104323093276},
 doi = {10.1162/089120104323093276},
 acmid = {1105712},
 publisher = {MIT Press},
 address = {Cambridge, MA, USA},
} 

%7
@article{Kalfoglou:2003:OMS:975027.975028,
 author = {Kalfoglou, Yannis and Schorlemmer, Marco},
 title = {Ontology Mapping: The State of the Art},
 journal = {Knowl. Eng. Rev.},
 issue_date = {January 2003},
 volume = {18},
 number = {1},
 month = jan,
 year = {2003},
 issn = {0269-8889},
 pages = {1--31},
 numpages = {31},
 url = {http://dx.doi.org/10.1017/S0269888903000651},
 doi = {10.1017/S0269888903000651},
 acmid = {975028},
 publisher = {Cambridge University Press},
 address = {New York, NY, USA},
} 

@book{maedche2002ontology,
  title={Ontology Learning for the Semantic Web},
  author={Maedche, A.},
  isbn={9780792376569},
  lccn={00105818},
  series={The Springer International Series in Engineering and Computer Science},
  url={https://books.google.co.uk/books?id=Hm4jFCxk5VYC},
  year={2002},
  publisher={Springer US}
}

@article{cichosznaive,
  title={Na{\"\i}ve Bayes classifier},
  author={Cichosz, Pawe{\l}},
  journal={Data Mining Algorithms: Explained Using R},
  pages={118--133},
  publisher={Wiley Online Library}
}

@article{tong2002support,
  title={Support vector machine active learning with applications to text classification},
  author={Tong, Simon and Koller, Daphne},
  journal={The Journal of Machine Learning Research},
  volume={2},
  pages={45--66},
  year={2002},
  publisher={JMLR. org}
}

@phdthesis{kushmerick1997wrapper,
  title={Wrapper induction for information extraction},
  author={Kushmerick, Nicholas},
  year={1997},
  school={University of Washington}
}

@article{breiman1984classification,
  title={Classification and regression trees. Wadsworth},
  author={Breiman, Leo and Friedman, Jerome H and Olshen, Richard A and Stone, Charles J},
  journal={Belmont, CA},
  year={1984}
}

@book{quinlan2014c4,
  title={C4. 5: programs for machine learning},
  author={Quinlan, J Ross},
  year={2014},
  publisher={Elsevier}
}

@book{friedman2001elements,
  title={The elements of statistical learning},
  author={Friedman, Jerome and Hastie, Trevor and Tibshirani, Robert},
  volume={1},
  year={2001},
  publisher={Springer series in statistics Springer, Berlin}
}


@inproceedings{kohavi1995study,
  title={A study of cross-validation and bootstrap for accuracy estimation and model selection},
  author={Kohavi, Ron and others},
  booktitle={Ijcai},
  volume={14},
  number={2},
  pages={1137--1145},
  year={1995}
}

@incollection{refaeilzadeh2009cross,
  title={Cross-validation},
  author={Refaeilzadeh, Payam and Tang, Lei and Liu, Huan},
  booktitle={Encyclopedia of database systems},
  pages={532--538},
  year={2009},
  publisher={Springer}
}

@incollection{guarino2009ontology,
  title={What is an Ontology?},
  author={Guarino, Nicola and Oberle, Daniel and Staab, Steffen},
  booktitle={Handbook on ontologies},
  pages={1--17},
  year={2009},
  publisher={Springer}
}

@book{keim2008visual,
  title={Visual analytics: Definition, process, and challenges},
  author={Keim, Daniel and Andrienko, Gennady and Fekete, Jean-Daniel and G{\"o}rg, Carsten and Kohlhammer, J{\"o}rn and Melan{\c{c}}on, Guy},
  year={2008},
  publisher={Springer}
}

@book{keim2008visual,
  title={Visual analytics: Scope and challenges},
  author={Keim, Daniel A and Mansmann, Florian and Schneidewind, J{\"o}rn and Thomas, Jim and Ziegler, Hartmut},
  year={2008},
  publisher={Springer}
}

@book{keim2010mastering,
  title={Mastering the information age-solving problems with visual analytics},
  author={Keim, Daniel A and Kohlhammer, J{\"o}rn and Ellis, Geoffrey and Mansmann, Florian},
  year={2010},
  publisher={Florian Mansmann}
}

@article{friedl1997decision,
  title={Decision tree classification of land cover from remotely sensed data},
  author={Friedl, Mark A and Brodley, Carla E},
  journal={Remote sensing of environment},
  volume={61},
  number={3},
  pages={399--409},
  year={1997},
  publisher={Elsevier}
}

@article{olaru2003complete,
  title={A complete fuzzy decision tree technique},
  author={Olaru, Cristina and Wehenkel, Louis},
  journal={Fuzzy sets and systems},
  volume={138},
  number={2},
  pages={221--254},
  year={2003},
  publisher={Elsevier}
}

@article{buhrman2002complexity,
  title={Complexity measures and decision tree complexity: a survey},
  author={Buhrman, Harry and De Wolf, Ronald},
  journal={Theoretical Computer Science},
  volume={288},
  number={1},
  pages={21--43},
  year={2002},
  publisher={Elsevier}
}

@inproceedings{gupta2003dom,
  title={DOM-based content extraction of HTML documents},
  author={Gupta, Suhit and Kaiser, Gail and Neistadt, David and Grimm, Peter},
  booktitle={Proceedings of the 12th international conference on World Wide Web},
  pages={207--214},
  year={2003},
  organization={ACM}
}

@inproceedings{cai2004hierarchical,
  title={Hierarchical clustering of WWW image search results using visual, textual and link information},
  author={Cai, Deng and He, Xiaofei and Li, Zhiwei and Ma, Wei-Ying and Wen, Ji-Rong},
  booktitle={Proceedings of the 12th annual ACM international conference on Multimedia},
  pages={952--959},
  year={2004},
  organization={ACM}
}

@article{hawkins2004problem,
  title={The problem of overfitting},
  author={Hawkins, Douglas M},
  journal={Journal of chemical information and computer sciences},
  volume={44},
  number={1},
  pages={1--12},
  year={2004},
  publisher={ACS Publications}
}